@article{zheng2020tofu,
  title={Tofu products: A review of their raw materials, processing conditions, and packaging},
  author={Zheng, Li and Regenstein, Joe M and Teng, Fei and Li, Yang},
  journal={Comprehensive Reviews in Food Science and Food Safety},
  volume={19},
  number={6},
  pages={3683--3714},
  year={2020},
  publisher={Wiley Online Library}
}
@article{tsai1981studies,
  title={Studies on the yield and quality characteristics of tofu},
  author={Tsai, S-J and Lan, CY and Kao, CS and Chen, SC},
  journal={Journal of Food Science},
  volume={46},
  number={6},
  pages={1734--1737},
  year={1981},
  publisher={Wiley Online Library}
}